@article{setzer2019banco,
  title={O Banco de Dados de Queimadas do INPE},
  author={Setzer, Alberto and Morelli, Fabiano and Souza, Jean Carlos},
  journal={Biodiversidade Brasileira-BioBrasil},
  number={1},
  pages={239--239},
  year={2019}
}

@book{geographicDataSciencePython,
  title={Geographic Data Science with Python},
  author={Rey, Sergio J. and Arribas-Bel, Dani and Wolf, Levi J.},
  year={2020},
  note={\url{http://geographicdata.science/book/notebooks/}(Acessado: 2023-01-05)}
}

@misc{PerguntasFrequentesINPE,
  title = {{Programa Queimadas} Perguntas frequentes},
  howpublished = {\url{http://www.inpe.br/queimadas/portal/informacoes/perguntas-frequentes}},
  note = {Acessado: 2023-01-23},
  author = {INPE},
  year = {2023}
}
